<?xml version="1.0" encoding="UTF-8"?>
<collection xmlns:xsi="http://www.w3.org/2001/XMLSchema-instance" xsi:schemaLocation="http://www.loc.gov/MARC21/slim http://www.loc.gov/standards/marcxml/schema/MARC21slim.xsd" xmlns="http://www.loc.gov/MARC21/slim">
<record>
  <leader>00957cam a2200277   4500</leader>
  <controlfield tag="001">3177056</controlfield>
  <controlfield tag="003">NNC</controlfield>
  <controlfield tag="005">20131118214715.0</controlfield>
  <controlfield tag="008">781121s1899    ua            000 0 ara d</controlfield>
  <datafield tag="035" ind1=" " ind2=" ">
    <subfield code="a">(OCoLC)ocm04392714</subfield>
  </datafield>
  <datafield tag="035" ind1=" " ind2=" ">
    <subfield code="9">AUB9607CU</subfield>
  </datafield>
  <datafield tag="035" ind1=" " ind2=" ">
    <subfield code="a">(NNC)3177056</subfield>
  </datafield>
  <datafield tag="040" ind1=" " ind2=" ">
    <subfield code="a">CLE</subfield>
    <subfield code="c">CLE</subfield>
    <subfield code="d">OCLCQ</subfield>
    <subfield code="d">ZCU</subfield>
  </datafield>
  <datafield tag="099" ind1=" " ind2=" ">
    <subfield code="a">893.711</subfield>
    <subfield code="a">N112</subfield>
  </datafield>
  <datafield tag="100" ind1="1" ind2=" ">
    <subfield code="a">Nābulusī, ʻUthmān ibn Ibrāhīm,</subfield>
    <subfield code="d">-approximately 1286.</subfield>
  </datafield>
  <datafield tag="240" ind1="1" ind2="0">
    <subfield code="a">Tārīkh al-Fayyūm wa-bilādih</subfield>
  </datafield>
  <datafield tag="245" ind1="1" ind2="0">
    <subfield code="a">Description du Faiyoum au 7ième siècle de l'hégire.</subfield>
  </datafield>
  <datafield tag="260" ind1=" " ind2=" ">
    <subfield code="a">Le Caire,</subfield>
    <subfield code="b">Imprimerie nationale,</subfield>
    <subfield code="c">1899.</subfield>
  </datafield>
  <datafield tag="300" ind1=" " ind2=" ">
    <subfield code="a">[8], 204, [2] p.</subfield>
  </datafield>
  <datafield tag="490" ind1="1" ind2=" ">
    <subfield code="a">Cairo (Egypt). Bibliothèque khédiviale. Publications,</subfield>
    <subfield code="v">v. 11</subfield>
  </datafield>
  <datafield tag="500" ind1=" " ind2=" ">
    <subfield code="a">Arabic text.</subfield>
  </datafield>
  <datafield tag="500" ind1=" " ind2=" ">
    <subfield code="a">Ed. by B. Moritz.</subfield>
  </datafield>
  <datafield tag="651" ind1=" " ind2="0">
    <subfield code="a">Fayyūm (Egypt)</subfield>
    <subfield code="x">Description and travel.</subfield>
  </datafield>
  <datafield tag="700" ind1="1" ind2=" ">
    <subfield code="a">Moritz, B.,</subfield>
    <subfield code="d">1858-,</subfield>
    <subfield code="e">editor.</subfield>
  </datafield>
  <datafield tag="810" ind1="1" ind2=" ">
    <subfield code="a">Cairo (Egypt).</subfield>
    <subfield code="b">Bibliothèque khédiviale.</subfield>
    <subfield code="t">Publications ;</subfield>
    <subfield code="v">v. 11.</subfield>
  </datafield>
  <datafield tag="955" ind1=" " ind2=" ">
    <subfield code="b">CU58956662</subfield>
    <subfield code="d">off,glx</subfield>
    <subfield code="e">893.711 N112</subfield>
  </datafield>
</record>
</collection>